@article{RN1,
   author = {Chan, C. and Al-Bashabsheh, A. and Zhou, Q. and Kaced, T. and Liu, T.},
   title = {Info-Clustering: A Mathematical Theory for Data Clustering},
   journal = {IEEE Transactions on Molecular, Biological and Multi-Scale Communications},
   volume = {2},
   number = {1},
   pages = {64-91},
   ISSN = {2372-2061},
   DOI = {10.1109/TMBMC.2016.2630054},
   year = {2016},
   type = {Journal Article}
}

@article{RN12,
   author = {Cunningham, William H.},
   title = {Optimal attack and reinforcement of a network},
   journal = {Journal of the ACM},
   volume = {32},
   number = {3},
   pages = {549-561},
   ISSN = {0004-5411},
   DOI = {10.1145/3828.3829},
   year = {1985},
   type = {Journal Article}
}

@article{RN4,
   author = {Kolmogorov, Vladimir},
   title = {A Faster Algorithm for Computing the Principal Sequence of Partitions of a Graph},
   journal = {Algorithmica},
   volume = {56},
   number = {4},
   pages = {394-412},
   ISSN = {1432-0541},
   DOI = {10.1007/s00453-008-9177-z},
   url = {https://doi.org/10.1007/s00453-008-9177-z},
   year = {2010},
   type = {Journal Article}
}

@misc{RN7,
   pages = {1759-1767},
   url = {http://papers.nips.cc/paper/4106-minimum-average-cost-clustering.pdf},
   year = {2010},
   type = {Conference Paper}
}

@article{RN3,
   author = {Narayanan, H.},
   title = {The principal lattice of partitions of a submodular function},
   journal = {Linear Algebra and its Applications},
   volume = {144},
   pages = {179-216},
   ISSN = {0024-3795},
   DOI = {https://doi.org/10.1016/0024-3795(91)90070-D},
   url = {http://eproxy2.lib.tsinghua.edu.cn:80/rwt/33/http/P75YPLUUMNVXK5UDMWTGT6UFMN4C6Z5QNF/science/article/pii/002437959190070D},
   year = {1991},
   type = {Journal Article}
}

@article{RN16,
   author = {Sibson, R.},
   title = {SLINK: An optimally efficient algorithm for the single-link cluster method},
   journal = {The Computer Journal},
   volume = {16},
   number = {1},
   pages = {30-34},
   ISSN = {0010-4620},
   DOI = {10.1093/comjnl/16.1.30},
   url = {https://doi.org/10.1093/comjnl/16.1.30},
   year = {1973},
   type = {Journal Article}
}

@article{RN17,
   author = {Gallo, G. and Grigoriadis, M. D. and Tarjan, R. E.},
   title = {A fast parametric maximum flow algorithm and applications},
   journal = {SIAM J. Comput.},
   volume = {18},
   number = {1},
   pages = {30-55},
   ISSN = {0097-5397},
   DOI = {10.1137/0218003},
   year = {1989},
   type = {Journal Article}
}

@inproceedings{RN9,
   author = {Chan, C. and Al-Bashabsheh, A. and Zhou, Q.},
   title = {Info-clustering: An efficient algorithm by network information flow},
   booktitle = {2017 Information Theory and Applications Workshop (ITA)},
   pages = {1-10},
   DOI = {10.1109/ITA.2017.8023445},
   type = {Conference Proceedings}
}